<?xml version="1.0" encoding="UTF-8"?><collection xmlns="http://www.loc.gov/MARC21/slim"><record><leader>00337nam--2200121-i-4500</leader><controlfield tag="001">000005085</controlfield><controlfield tag="002">20161230</controlfield><controlfield tag="005">20161230201026</controlfield><controlfield tag="008">060222s1000------------r-----000-0-eng-d</controlfield><datafield ind1=" " ind2=" " tag="100"><subfield code="a">Baach, Hans</subfield></datafield><datafield ind1=" " ind2=" " tag="245"><subfield code="a">Dampfdruckmessungen an kadmium-antimon- legierungen.dissertation</subfield></datafield><datafield ind1=" " ind2=" " tag="260"><subfield code="a">Stuttgart,Technisches Hochschule, 1959 9p</subfield></datafield><datafield ind1=" " ind2=" " tag="852"><subfield code="a">7105</subfield></datafield></record></collection>